@article{Haptimap2012,
  title={Accessible map and LBS content guidelines},
  author={Laakso, Mari and Sarjakoski, Tapani and Sarjakoski, Tiina and Harrie, Lars and Andreasson, Jonas and Vil{\'e}n, Andreas and Claassen, G and Stoer, A},
  journal={HaptiMap Haptic, Audio and Visual Interfaces for Maps and Location Based Services},
  year={2012}
}
@article{mccallum2003,
  title={An introduction to the use of inkjet for tactile diagram production},
  author={McCallum, Don and Ungar, Simon},
  journal={British Journal of Visual Impairment},
  volume={21},
  number={2},
  pages={73--77},
  year={2003},
  publisher={Sage Publications}
}
@incollection{Hoeckner2012,
  title={AccessibleMap},
  author={Klaus, H{\"o}ckner and Marano, Daniele and Neuschmid, Julia and Schrenk, Manfred and Wasserburger, Wolfgang},
  booktitle={Computers Helping People with Special Needs},
  pages={536--543},
  year={2012},
  publisher={Springer}
}
@inproceedings{Parente2003,
  title={BATS: the blind audio tactile mapping system},
  author={Parente, Peter and Bishop, Gary},
  booktitle={Proceedings of the ACM Southeast Regional Conference},
  pages={132--137},
  year={2003},
  organization={Citeseer}
}
@inproceedings{Kane2011,
  title={Access overlays: improving non-visual access to large touch screens for blind users},
  author={Kane, Shaun K and Morris, Meredith Ringel and Perkins, Annuska Z and Wigdor, Daniel and Ladner, Richard E and Wobbrock, Jacob O},
  booktitle={Proceedings of the 24th annual ACM symposium on User interface software and technology},
  pages={273--282},
  year={2011},
  organization={ACM}
}
@misc{BlindSquare,
  author = {BlindSquare},
  title = {What is BlindSquare},
  year = {2015},
  url = {http://blindsquare.com/about/},
  publisher={BlindSquare}
}
